@Manual{R-JM,
  title = {JM: Joint Modeling of Longitudinal and Survival Data},
  author = {Dimitris Rizopoulos},
  year = {2017},
  note = {R package version 1.4-7},
  url = {https://CRAN.R-project.org/package=JM},
}
@Manual{R-nlme,
  title = {nlme: Linear and Nonlinear Mixed Effects Models},
  author = {Jos√© Pinheiro and Douglas Bates and {R-core}},
  year = {2017},
  note = {R package version 3.1-131},
  url = {https://CRAN.R-project.org/package=nlme},
}
@Manual{R-survival,
  title = {survival: Survival Analysis},
  author = {Terry M Therneau},
  year = {2017},
  note = {R package version 2.41-3},
  url = {https://CRAN.R-project.org/package=survival},
}

@article{albert_approach_2010,
  title = {An Approach for Jointly Modeling Multivariate Longitudinal Measurements and Discrete Time-to-Event Data},
  volume = {4},
  issn = {1932-6157},
  doi = {10.1214/10-AOAS339},
  timestamp = {2017-01-18T09:00:15Z},
  number = {3},
  urldate = {2017-01-18},
  journal = {The Annals of Applied Statistics},
  author = {Albert, Paul S. and Shih, Joanna H.},
  month = sep,
  year = {2010},
  pages = {1517--1532}
}

@article{rizopoulos_bayesian_2011,
  title = {A {{Bayesian}} Semiparametric Multivariate Joint Model for Multiple Longitudinal Outcomes and a Time-to-Event},
  volume = {30},
  issn = {0277-6715},
  doi = {10.1002/sim.4205},
  timestamp = {2015-09-10T09:46:41Z},
  number = {12},
  journal = {Statistics in Medicine},
  author = {Rizopoulos, Dimitris and Ghosh, Pulak},
  month = may,
  year = {2011},
  note = {WOS:000290470200004},
  keywords = {binary data,definition,Dirichlet process prior,dropout,inference,priors,shared parameter model,shared parameter models,splines,Survival Analysis,survival-data,Time-dependent covariates},
  pages = {1366--1380}
}

@article{ibrahim_basic_2010,
  title = {Basic {{Concepts}} and {{Methods}} for {{Joint Models}} of {{Longitudinal}} and {{Survival Data}}},
  volume = {28},
  doi = {10.1200/JCO.2009.25.0654},
  timestamp = {2017-01-18T09:10:46Z},
  number = {16},
  urldate = {2017-01-18},
  journal = {Journal of Clinical Oncology},
  author = {Ibrahim, Joseph G. and Chu, Haitao and Chen, Liddy M.},
  month = jun,
  year = {2010},
  pages = {2796},
  pmid = {20439643}
}

@article{albert_estimating_2010,
  title = {On {{Estimating}} the {{Relationship}} between {{Longitudinal Measurements}} and {{Time}}-to-{{Event Data Using}} a {{Simple Two}}-{{Stage Procedure}}},
  volume = {66},
  issn = {0006341X},
  doi = {10.1111/j.1541-0420.2009.01324_1.x},
  timestamp = {2017-01-18T09:00:23Z},
  number = {3},
  urldate = {2017-01-18},
  journal = {Biometrics},
  author = {Albert, Paul S. and Shih, Joanna H.},
  month = sep,
  year = {2010},
  pages = {983--987}
}

@article{austin_generating_2012,
  title = {Generating Survival Times to Simulate {{Cox}} Proportional Hazards Models with Time-Varying Covariates},
  volume = {31},
  issn = {02776715},
  doi = {10.1002/sim.5452},
  timestamp = {2015-08-20T08:33:57Z},
  number = {29},
  urldate = {2015-08-20},
  journal = {Statistics in Medicine},
  author = {Austin, Peter C.},
  month = dec,
  year = {2012},
  pages = {3946--3958}
}

@article{balkau_epidemiologic_1996,
  title = {{An epidemiologic survey from a network of French Health Examination Centres, (D.E.S.I.R.): epidemiologic data on the insulin resistance syndrome}},
  volume = {44},
  issn = {0398-7620},
  shorttitle = {{An epidemiologic survey from a network of French Health Examination Centres, (D.E.S.I.R.)}},
  timestamp = {2016-08-10T12:37:44Z},
  number = {4},
  journal = {Revue D'{\'e}pid{\'e}miologie Et De Sant{\'e} Publique},
  author = {Balkau, B.},
  month = aug,
  year = {1996},
  keywords = {Adult,Aged,Cohort Studies,Community Health Centers,Female,France,Humans,Insulin resistance,Male,Middle Aged,Population Surveillance,Risk Factors},
  pages = {373--375},
  pmid = {8927780}
}

@article{bouatia-naji_polymorphism_2008,
  title = {A Polymorphism within the {{G6PC2}} Gene Is Associated with Fasting Plasma Glucose Levels},
  volume = {320},
  issn = {1095-9203},
  doi = {10.1126/science.1156849},
  timestamp = {2016-02-18T09:35:36Z},
  number = {5879},
  journal = {Science (New York, N.Y.)},
  author = {Bouatia-Naji, Nabila and Rocheleau, Ghislain and Van Lommel, Leentje and Lemaire, Katleen and Schuit, Frans and Cavalcanti-Proen{\c c}a, Christine and Marchand, Marion and Hartikainen, Anna-Liisa and Sovio, Ulla and De Graeve, Franck and Rung, Johan and Vaxillaire, Martine and Tichet, Jean and Marre, Michel and Balkau, Beverley and Weill, Jacques and Elliott, Paul and Jarvelin, Marjo-Riitta and Meyre, David and Polychronakos, Constantin and Dina, Christian and Sladek, Robert and Froguel, Philippe},
  month = may,
  year = {2008},
  keywords = {Alleles,Blood Glucose,Body mass index,Diabetes Mellitus; Type 2,Fasting,Female,Genetic Predisposition to Disease,Glucose-6-Phosphatase,Humans,Insulin,Insulin-Secreting Cells,Introns,Linear Models,Male,Meta-Analysis as Topic,Polymorphism; Single Nucleotide},
  pages = {1085--1088},
  pmid = {18451265}
}

@article{chang_second-generation_2015,
  title = {Second-Generation {{PLINK}}: Rising to the Challenge of Larger and Richer Datasets},
  volume = {4},
  issn = {2047-217X},
  shorttitle = {Second-Generation {{PLINK}}},
  doi = {10.1186/s13742-015-0047-8},
  timestamp = {2016-08-10T14:22:04Z},
  urldate = {2016-08-10},
  journal = {GigaScience},
  author = {Chang, Christopher C. and Chow, Carson C. and Tellier, Laurent CAM and Vattikuti, Shashaank and Purcell, Shaun M. and Lee, James J.},
  year = {2015},
  keywords = {Computational statistics,GWAS,High-density SNP genotyping,Population genetics,whole-genome sequencing},
  pages = {7}
}

@article{chen_sample_2011,
  title = {Sample Size and Power Determination in Joint Modeling of Longitudinal and Survival Data},
  volume = {30},
  issn = {1097-0258},
  doi = {10.1002/sim.4263},
  timestamp = {2015-03-16T09:13:31Z},
  number = {18},
  urldate = {2015-03-16},
  journal = {Statistics in Medicine},
  author = {Chen, Liddy M. and Ibrahim, Joseph G. and Chu, Haitao},
  month = aug,
  year = {2011},
  keywords = {joint modeling,longitudinal data,power determination,repeated measurements,sample size,Survival Analysis},
  pages = {2295--2309}
}

@article{diggle_informative_1994,
  title = {Informative {{Drop}}-{{Out}} in {{Longitudinal Data Analysis}}},
  volume = {43},
  issn = {0035-9254},
  doi = {10.2307/2986113},
  timestamp = {2017-02-24T15:56:59Z},
  number = {1},
  urldate = {2017-02-24},
  journal = {Journal of the Royal Statistical Society. Series C (Applied Statistics)},
  author = {Diggle, P. and Kenward, M. G.},
  year = {1994},
  pages = {49--93}
}

@article{dupuis_new_2010,
  title = {New Genetic Loci Implicated in Fasting Glucose Homeostasis and Their Impact on Type 2 Diabetes Risk},
  volume = {42},
  issn = {1061-4036, 1546-1718},
  doi = {10.1038/ng.520},
  timestamp = {2017-06-06T12:00:29Z},
  number = {2},
  urldate = {2015-04-09},
  journal = {Nature Genetics},
  author = {Dupuis, Jos{\'e}e and Langenberg, Claudia and Prokopenko, Inga and Saxena, Richa and Soranzo, Nicole and Jackson, Anne U and Wheeler, Eleanor and Glazer, Nicole L and Bouatia-Naji, Nabila and Gloyn, Anna L and Lindgren, Cecilia M and M{\"a}gi, Reedik and Morris, Andrew P and Randall, Joshua and Johnson, Toby and Elliott, Paul and Rybin, Denis and Thorleifsson, Gudmar and Steinthorsdottir, Valgerdur and Henneman, Peter and Grallert, Harald and Dehghan, Abbas and Hottenga, Jouke Jan and Franklin, Christopher S and Navarro, Pau and Song, Kijoung and Goel, Anuj and Perry, John R B and Egan, Josephine M and Lajunen, Taina and Grarup, Niels and Spars{\o}, Thomas and Doney, Alex and Voight, Benjamin F and Stringham, Heather M and Li, Man and Kanoni, Stavroula and Shrader, Peter and Cavalcanti-Proen{\c c}a, Christine and Kumari, Meena and Qi, Lu and Timpson, Nicholas J and Gieger, Christian and Zabena, Carina and Rocheleau, Ghislain and Ingelsson, Erik and An, Ping and O'Connell, Jeffrey and Luan, Jian'an and Elliott, Amanda and McCarroll, Steven A and Payne, Felicity and Roccasecca, Rosa Maria and Pattou, Fran{\c c}ois and Sethupathy, Praveen and Ardlie, Kristin and Ariyurek, Yavuz and Balkau, Beverley and Barter, Philip and Beilby, John P and Ben-Shlomo, Yoav and Benediktsson, Rafn and Bennett, Amanda J and Bergmann, Sven and Bochud, Murielle and Boerwinkle, Eric and Bonnefond, Am{\'e}lie and Bonnycastle, Lori L and Borch-Johnsen, Knut and B{\"o}ttcher, Yvonne and Brunner, Eric and Bumpstead, Suzannah J and Charpentier, Guillaume and Chen, Yii-Der Ida and Chines, Peter and Clarke, Robert and Coin, Lachlan J M and Cooper, Matthew N and Cornelis, Marilyn and Crawford, Gabe and Crisponi, Laura and Day, Ian N M and {de Geus}, Eco J C and Delplanque, Jerome and Dina, Christian and Erdos, Michael R and Fedson, Annette C and Fischer-Rosinsky, Antje and Forouhi, Nita G and Fox, Caroline S and Frants, Rune and Franzosi, Maria Grazia and Galan, Pilar and Goodarzi, Mark O and Graessler, J{\"u}rgen and Groves, Christopher J and Grundy, Scott and Gwilliam, Rhian and Gyllensten, Ulf and Hadjadj, Samy and Hallmans, G{\"o}ran and Hammond, Naomi and Han, Xijing and Hartikainen, Anna-Liisa and Hassanali, Neelam and Hayward, Caroline and Heath, Simon C and Hercberg, Serge and Herder, Christian and Hicks, Andrew A and Hillman, David R and Hingorani, Aroon D and Hofman, Albert and Hui, Jennie and Hung, Joe and Isomaa, Bo and Johnson, Paul R V and J{\o}rgensen, Torben and Jula, Antti and Kaakinen, Marika and Kaprio, Jaakko and Kesaniemi, Y Antero and Kivimaki, Mika and Knight, Beatrice and Koskinen, Seppo and Kovacs, Peter and Kyvik, Kirsten Ohm and Lathrop, G Mark and Lawlor, Debbie A and Le Bacquer, Olivier and Lecoeur, C{\'e}cile and Li, Yun and Lyssenko, Valeriya and Mahley, Robert and Mangino, Massimo and Manning, Alisa K and Mart{\'\i}nez-Larrad, Mar{\'\i}a Teresa and McAteer, Jarred B and McCulloch, Laura J and McPherson, Ruth and Meisinger, Christa and Melzer, David and Meyre, David and Mitchell, Braxton D and Morken, Mario A and Mukherjee, Sutapa and Naitza, Silvia and Narisu, Narisu and Neville, Matthew J and Oostra, Ben A and Orr{\`u}, Marco and Pakyz, Ruth and Palmer, Colin N A and Paolisso, Giuseppe and Pattaro, Cristian and Pearson, Daniel and Peden, John F and Pedersen, Nancy L and Perola, Markus and Pfeiffer, Andreas F H and Pichler, Irene and Polasek, Ozren and Posthuma, Danielle and Potter, Simon C and Pouta, Anneli and Province, Michael A and Psaty, Bruce M and Rathmann, Wolfgang and Rayner, Nigel W and Rice, Kenneth and Ripatti, Samuli and Rivadeneira, Fernando and Roden, Michael and Rolandsson, Olov and Sandbaek, Annelli and Sandhu, Manjinder and Sanna, Serena and Sayer, Avan Aihie and Scheet, Paul and Scott, Laura J and Seedorf, Udo and Sharp, Stephen J and Shields, Beverley and Sigur{\dh}sson, Gunnar and Sijbrands, Eric J G and Silveira, Angela and Simpson, Laila and Singleton, Andrew and Smith, Nicholas L and Sovio, Ulla and Swift, Amy and Syddall, Holly and Syv{\"a}nen, Ann-Christine and Tanaka, Toshiko and Thorand, Barbara and Tichet, Jean and T{\"o}njes, Anke and Tuomi, Tiinamaija and Uitterlinden, Andr{\'e} G and {van Dijk}, Ko Willems and {van Hoek}, Mandy and Varma, Dhiraj and Visvikis-Siest, Sophie and Vitart, Veronique and Vogelzangs, Nicole and Waeber, G{\'e}rard and Wagner, Peter J and Walley, Andrew and Walters, G Bragi and Ward, Kim L and Watkins, Hugh and Weedon, Michael N and Wild, Sarah H and Willemsen, Gonneke and Witteman, Jaqueline C M and Yarnell, John W G and Zeggini, Eleftheria and Zelenika, Diana and Zethelius, Bj{\"o}rn and Zhai, Guangju and Zhao, Jing Hua and Zillikens, M Carola and Borecki, Ingrid B and Loos, Ruth J F and Meneton, Pierre and Magnusson, Patrik K E and Nathan, David M and Williams, Gordon H and Hattersley, Andrew T and Silander, Kaisa and Salomaa, Veikko and Smith, George Davey and Bornstein, Stefan R and Schwarz, Peter and Spranger, Joachim and Karpe, Fredrik and Shuldiner, Alan R and Cooper, Cyrus and Dedoussis, George V and Serrano-R{\'\i}os, Manuel and Morris, Andrew D and Lind, Lars and Palmer, Lyle J and Hu, Frank B and Franks, Paul W and Ebrahim, Shah and Marmot, Michael and Kao, W H Linda and Pankow, James S and Sampson, Michael J and Kuusisto, Johanna and Laakso, Markku and Hansen, Torben and Pedersen, Oluf and Pramstaller, Peter Paul and Wichmann, H Erich and Illig, Thomas and Rudan, Igor and Wright, Alan F and Stumvoll, Michael and Campbell, Harry and Wilson, James F and Bergman, Richard N and Buchanan, Thomas A and Collins, Francis S and Mohlke, Karen L and Tuomilehto, Jaakko and Valle, Timo T and Altshuler, David and Rotter, Jerome I and Siscovick, David S and Penninx, Brenda W J H and Boomsma, Dorret I and Deloukas, Panos and Spector, Timothy D and Frayling, Timothy M and Ferrucci, Luigi and Kong, Augustine and Thorsteinsdottir, Unnur and Stefansson, Kari and {van Duijn}, Cornelia M and Aulchenko, Yurii S and Cao, Antonio and Scuteri, Angelo and Schlessinger, David and Uda, Manuela and Ruokonen, Aimo and Jarvelin, Marjo-Riitta and Waterworth, Dawn M and Vollenweider, Peter and Peltonen, Leena and Mooser, Vincent and Abecasis, Goncalo R and Wareham, Nicholas J and Sladek, Robert and Froguel, Philippe and Watanabe, Richard M and Meigs, James B and Groop, Leif and Boehnke, Michael and McCarthy, Mark I and Florez, Jose C and Barroso, In{\^e}s},
  month = feb,
  year = {2010},
  keywords = {Adolescent,Adult,Alleles,Blood Glucose,Child,Databases; Genetic,Diabetes Mellitus; Type 2,DNA Copy Number Variations,Fasting,Gene Expression Regulation,Genetic Loci,Genetic Predisposition to Disease,Genome-wide association study,Homeostasis,Humans,Meta-Analysis as Topic,Polymorphism; Single Nucleotide,Quantitative Trait; Heritable,Quantitative trait loci,Reproducibility of Results},
  pages = {105--116}
}

@article{elashoff_joint_2008,
  title = {A {{Joint Model}} for {{Longitudinal Measurements}} and {{Survival Data}} in the {{Presence}} of {{Multiple Failure Types}}},
  volume = {64},
  issn = {0006341X},
  doi = {10.1111/j.1541-0420.2007.00952.x},
  timestamp = {2017-02-24T16:15:12Z},
  number = {3},
  urldate = {2017-02-24},
  journal = {Biometrics},
  author = {Elashoff, Robert M. and Li, Gang and Li, Ning},
  month = sep,
  year = {2008},
  pages = {762--771}
}

@book{elashoff_joint_2016,
	address = {London, UK},
  edition = {1},
  title = {{Joint Modeling of Longitudinal and Time-to-Event Data}},
  isbn = {978-1-4398-0782-8},
  timestamp = {2016-12-21T12:21:07Z},
  publisher = {{Chapman and Hall/CRC}},
  author = {Elashoff, Robert and {li}, Gang and Li, Ning},
  month = jul,
  year = {2016}
}

@book{kalbfleisch_statistical_2002,
  address = {Hoboken, NJ, USA},
  series = {Wiley Series in Probability and Statistics},
  title = {The {{Statistical Analysis}} of {{Failure Time Data}}},
  isbn = {978-1-118-03298-5 978-0-471-36357-6},
  shorttitle = {The {{Statistical Analysis}} of {{Failure Time Data}}},
  timestamp = {2017-04-19T12:47:32Z},
  urldate = {2017-04-19},
  publisher = {{John Wiley \& Sons, Inc.}},
  author = {Kalbfleisch, John D. and Prentice, Ross L.},
  month = aug,
  year = {2002},
  doi = {10.1002/9781118032985}
}

@article{morris_large-scale_2012,
  title = {Large-Scale Association Analysis Provides Insights into the Genetic Architecture and Pathophysiology of Type 2 Diabetes},
  volume = {44},
  issn = {1061-4036, 1546-1718},
  doi = {10.1038/ng.2383},
  timestamp = {2016-02-18T09:35:50Z},
  number = {9},
  urldate = {2015-04-09},
  journal = {Nature Genetics},
  author = {Morris, Andrew P and Voight, Benjamin F and Teslovich, Tanya M and Ferreira, Teresa and Segr{\`e}, Ayellet V and Steinthorsdottir, Valgerdur and Strawbridge, Rona J and Khan, Hassan and Grallert, Harald and Mahajan, Anubha and Prokopenko, Inga and Kang, Hyun Min and Dina, Christian and Esko, Tonu and Fraser, Ross M and Kanoni, Stavroula and Kumar, Ashish and Lagou, Vasiliki and Langenberg, Claudia and Luan, Jian'an and Lindgren, Cecilia M and M{\"u}ller-Nurasyid, Martina and Pechlivanis, Sonali and Rayner, N William and Scott, Laura J and Wiltshire, Steven and Yengo, Loic and Kinnunen, Leena and Rossin, Elizabeth J and Raychaudhuri, Soumya and Johnson, Andrew D and Dimas, Antigone S and Loos, Ruth J F and Vedantam, Sailaja and Chen, Han and Florez, Jose C and Fox, Caroline and Liu, Ching-Ti and Rybin, Denis and Couper, David J and Kao, Wen Hong L and Li, Man and Cornelis, Marilyn C and Kraft, Peter and Sun, Qi and {van Dam}, Rob M and Stringham, Heather M and Chines, Peter S and Fischer, Krista and Fontanillas, Pierre and Holmen, Oddgeir L and Hunt, Sarah E and Jackson, Anne U and Kong, Augustine and Lawrence, Robert and Meyer, Julia and Perry, John R B and Platou, Carl G P and Potter, Simon and Rehnberg, Emil and Robertson, Neil and Sivapalaratnam, Suthesh and Stan{\v c}{\'a}kov{\'a}, Alena and Stirrups, Kathleen and Thorleifsson, Gudmar and Tikkanen, Emmi and Wood, Andrew R and Almgren, Peter and Atalay, Mustafa and Benediktsson, Rafn and Bonnycastle, Lori L and Burtt, No{\"e}l and Carey, Jason and Charpentier, Guillaume and Crenshaw, Andrew T and Doney, Alex S F and Dorkhan, Mozhgan and Edkins, Sarah and Emilsson, Valur and Eury, Elodie and Forsen, Tom and Gertow, Karl and Gigante, Bruna and Grant, George B and Groves, Christopher J and Guiducci, Candace and Herder, Christian and Hreidarsson, Astradur B and Hui, Jennie and James, Alan and Jonsson, Anna and Rathmann, Wolfgang and Klopp, Norman and Kravic, Jasmina and Krjut{\v s}kov, Kaarel and Langford, Cordelia and Leander, Karin and Lindholm, Eero and Lobbens, St{\'e}phane and M{\"a}nnist{\"o}, Satu and Mirza, Ghazala and M{\"u}hleisen, Thomas W and Musk, Bill and Parkin, Melissa and Rallidis, Loukianos and Saramies, Jouko and Sennblad, Bengt and Shah, Sonia and Sigur{\dh}sson, Gunnar and Silveira, Angela and Steinbach, Gerald and Thorand, Barbara and Trakalo, Joseph and Veglia, Fabrizio and Wennauer, Roman and Winckler, Wendy and Zabaneh, Delilah and Campbell, Harry and {van Duijn}, Cornelia and Uitterlinden, Andre G and Hofman, Albert and Sijbrands, Eric and Abecasis, Goncalo R and Owen, Katharine R and Zeggini, Eleftheria and Trip, Mieke D and Forouhi, Nita G and Syv{\"a}nen, Ann-Christine and Eriksson, Johan G and Peltonen, Leena and N{\"o}then, Markus M and Balkau, Beverley and Palmer, Colin N A and Lyssenko, Valeriya and Tuomi, Tiinamaija and Isomaa, Bo and Hunter, David J and Qi, Lu and Shuldiner, Alan R and Roden, Michael and Barroso, Ines and Wilsgaard, Tom and Beilby, John and Hovingh, Kees and Price, Jackie F and Wilson, James F and Rauramaa, Rainer and Lakka, Timo A and Lind, Lars and Dedoussis, George and Nj{\o}lstad, Inger and Pedersen, Nancy L and Khaw, Kay-Tee and Wareham, Nicholas J and Keinanen-Kiukaanniemi, Sirkka M and Saaristo, Timo E and Korpi-Hy{\"o}v{\"a}lti, Eeva and Saltevo, Juha and Laakso, Markku and Kuusisto, Johanna and Metspalu, Andres and Collins, Francis S and Mohlke, Karen L and Bergman, Richard N and Tuomilehto, Jaakko and Boehm, Bernhard O and Gieger, Christian and Hveem, Kristian and Cauchi, Stephane and Froguel, Philippe and Baldassarre, Damiano and Tremoli, Elena and Humphries, Steve E and Saleheen, Danish and Danesh, John and Ingelsson, Erik and Ripatti, Samuli and Salomaa, Veikko and Erbel, Raimund and J{\"o}ckel, Karl-Heinz and Moebus, Susanne and Peters, Annette and Illig, Thomas and {de Faire}, Ulf and Hamsten, Anders and Morris, Andrew D and Donnelly, Peter J and Frayling, Timothy M and Hattersley, Andrew T and Boerwinkle, Eric and Melander, Olle and Kathiresan, Sekar and Nilsson, Peter M and Deloukas, Panos and Thorsteinsdottir, Unnur and Groop, Leif C and Stefansson, Kari and Hu, Frank and Pankow, James S and Dupuis, Jos{\'e}e and Meigs, James B and Altshuler, David and Boehnke, Michael and McCarthy, Mark I},
  month = aug,
  year = {2012},
  pages = {981--990}
}

@article{proust-lima_joint_2009,
  title = {Joint Modelling of Multivariate Longitudinal Outcomes and a Time-to-Event: {{A}} Nonlinear Latent Class Approach},
  volume = {53},
  issn = {0167-9473},
  shorttitle = {Joint Modelling of Multivariate Longitudinal Outcomes and a Time-to-Event},
  doi = {10.1016/j.csda.2008.10.017},
  timestamp = {2017-06-06T12:00:19Z},
  number = {4},
  urldate = {2016-09-08},
  journal = {Computational Statistics \& Data Analysis},
  author = {Proust-Lima, C{\'e}cile and Joly, Pierre and Dartigues, Jean-Fran{\c c}ois and Jacqmin-Gadda, H{\'e}l{\`e}ne},
  month = feb,
  year = {2009},
  pages = {1142--1154}
}

@misc{purcell_plink_2015,
  title = {{{PLINK}} v1.90b3.36},
  timestamp = {2016-08-10T14:25:34Z},
  author = {Purcell, Shaun and Chang, Christopher},
  year = {2015},
	url = {https://www.cog-genomics.org/plink/1.9/}
}

@Manual{r_core_team,
    title = {R: {{A Language}} and {{Environment}} for {{Statistical Computing}}},
    author = {{R Core Team}},
    organization = {R Foundation for Statistical Computing},
    address = {Vienna, Austria},
    year = {2017},
    url = {https://www.R-project.org/},
}
  
@article{rizopoulos_jm:_2010,
  title = {{{JM}}: {{An R}} Package for the Joint Modelling of Longitudinal and Time-to-Event Data},
  volume = {35},
  shorttitle = {{{JM}}},
  timestamp = {2015-06-10T12:41:57Z},
  number = {9},
  urldate = {2015-04-21},
  journal = {Journal of Statistical Software},
  author = {Rizopoulos, Dimitris},
  year = {2010},
  pages = {1--33}
}

@book{rizopoulos_joint_2012,
	address = {London, UK},
  title = {Joint Models for Longitudinal and Time-to-Event Data: {{With}} Applications in {{R}}},
  shorttitle = {Joint Models for Longitudinal and Time-to-Event Data},
  timestamp = {2015-04-30T10:19:55Z},
  urldate = {2015-04-22},
  publisher = {{CRC Press}},
  author = {Rizopoulos, Dimitris},
  year = {2012}
}

@article{rung_genetic_2009,
  title = {Genetic Variant near {{IRS1}} Is Associated with Type 2 Diabetes, Insulin Resistance and Hyperinsulinemia},
  volume = {41},
  issn = {1061-4036, 1546-1718},
  doi = {10.1038/ng.443},
  timestamp = {2016-02-18T09:35:41Z},
  number = {10},
  urldate = {2015-04-09},
  journal = {Nature Genetics},
  author = {Rung, Johan and Cauchi, St{\'e}phane and Albrechtsen, Anders and Shen, Lishuang and Rocheleau, Ghislain and Cavalcanti-Proen{\c c}a, Christine and Bacot, Fran{\c c}ois and Balkau, Beverley and Belisle, Alexandre and Borch-Johnsen, Knut and Charpentier, Guillaume and Dina, Christian and Durand, Emmanuelle and Elliott, Paul and Hadjadj, Samy and J{\"a}rvelin, Marjo-Riitta and Laitinen, Jaana and Lauritzen, Torsten and Marre, Michel and Mazur, Alexander and Meyre, David and Montpetit, Alexandre and Pisinger, Charlotta and Posner, Barry and Poulsen, Pernille and Pouta, Anneli and Prentki, Marc and Ribel-Madsen, Rasmus and Ruokonen, Aimo and Sandbaek, Anelli and Serre, David and Tichet, Jean and Vaxillaire, Martine and Wojtaszewski, J{\o}rgen F P and Vaag, Allan and Hansen, Torben and Polychronakos, Constantin and Pedersen, Oluf and Froguel, Philippe and Sladek, Robert},
  month = oct,
  year = {2009},
  keywords = {Adult,Alleles,Biopsy,Diabetes Mellitus; Type 2,European Continental Ancestry Group,Female,Genome; Human,Genome-wide association study,Humans,Hyperinsulinism,Insulin Receptor Substrate Proteins,Insulin resistance,Male,Middle Aged,Muscle; Skeletal,Phosphatidylinositol 3-Kinases,Polymorphism; Single Nucleotide},
  pages = {1110--1115}
}

@article{sladek_genome-wide_2007,
  title = {A Genome-Wide Association Study Identifies Novel Risk Loci for Type 2 Diabetes},
  volume = {445},
  issn = {0028-0836, 1476-4687},
  doi = {10.1038/nature05616},
  timestamp = {2017-06-06T11:59:51Z},
  number = {7130},
  urldate = {2015-04-09},
  journal = {Nature},
  author = {Sladek, Robert and Rocheleau, Ghislain and Rung, Johan and Dina, Christian and Shen, Lishuang and Serre, David and Boutin, Philippe and Vincent, Daniel and Belisle, Alexandre and Hadjadj, Samy and Balkau, Beverley and Heude, Barbara and Charpentier, Guillaume and Hudson, Thomas J. and Montpetit, Alexandre and Pshezhetsky, Alexey V. and Prentki, Marc and Posner, Barry I. and Balding, David J. and Meyre, David and Polychronakos, Constantin and Froguel, Philippe},
  month = feb,
  year = {2007},
  keywords = {Diabetes Mellitus; Type 2,Genetic Predisposition to Disease,Humans,Case-Control Studies,Cation Transport Proteins,Chromosomes; Human; Pair 10,Chromosomes; Human; Pair 8,France,Genome; Human,Linkage Disequilibrium},
  pages = {881--885}
}

@article{sun_regression_2007,
  title = {Regression {{Analysis}} of {{Longitudinal Data}} in the {{Presence}} of {{Informative Observation}} and {{Censoring Times}}},
  volume = {102},
  issn = {0162-1459, 1537-274X},
  doi = {10.1198/016214507000000851},
  timestamp = {2017-02-24T16:04:28Z},
  number = {480},
  urldate = {2017-02-24},
  journal = {Journal of the American Statistical Association},
  author = {Sun, Jianguo and Sun, Liuquan and Liu, Dandan},
  month = dec,
  year = {2007},
  pages = {1397--1406}
}

@article{the_1000_genomes_project_consortium_global_2015,
  title = {A Global Reference for Human Genetic Variation},
  volume = {526},
  issn = {0028-0836},
  doi = {10.1038/nature15393},
  timestamp = {2016-08-10T14:03:49Z},
  number = {7571},
  urldate = {2016-08-10},
  journal = {Nature},
  author = {{The 1000 Genomes Project Consortium}},
  month = oct,
  year = {2015},
  keywords = {Genetic variation,Genomics},
  pages = {68--74}
}

@book{therneau_modeling_2000,
  address = {New York, NY},
  series = {Statistics for Biology and Health},
  title = {Modeling {{Survival Data}}: {{Extending}} the {{Cox Model}}},
  isbn = {978-1-4419-3161-0 978-1-4757-3294-8},
  shorttitle = {Modeling {{Survival Data}}},
  timestamp = {2017-02-24T16:19:34Z},
  urldate = {2017-02-24},
  publisher = {{Springer New York}},
  author = {Therneau, Terry M. and Grambsch, Patricia M.},
  editor = {Dietz, K. and Gail, M. and Krickeberg, K. and Samet, J. and Tsiatis, A.},
  year = {2000},
  doi = {10.1007/978-1-4757-3294-8}
}

@article{tsiatis_joint_2004,
  title = {Joint Modeling of Longitudinal and Time-to-Event Data: An Overview},
  volume = {14},
  shorttitle = {Joint Modeling of Longitudinal and Time-to-Event Data},
  timestamp = {2015-03-16T08:54:36Z},
  journal = {Statistica Sinica},
  author = {Tsiatis, Anastasios A. and Davidian, Marie},
  year = {2004},
  pages = {809--834},
	url = {http://www.jstor.org/stable/10.2307/24307417}
}

@article{tsiatis_modeling_1995,
  title = {Modeling the {{Relationship}} of {{Survival}} to {{Longitudinal Data Measured}} with {{Error}}. {{Applications}} to {{Survival}} and {{CD4 Counts}} in {{Patients}} with {{AIDS}}},
  volume = {90},
  issn = {0162-1459},
  doi = {10.2307/2291126},
  timestamp = {2017-01-18T09:06:27Z},
  number = {429},
  urldate = {2015-04-09},
  journal = {Journal of the American Statistical Association},
  author = {Tsiatis, A. A. and DeGruttola, Victor and Wulfsohn, M. S.},
  month = mar,
  year = {1995},
  pages = {27--37}
}

@article{vaxillaire_type_2014,
  title = {Type 2 Diabetes-Related Genetic Risk Scores Associated with Variations in Fasting Plasma Glucose and Development of Impaired Glucose Homeostasis in the Prospective {{DESIR}} Study},
  volume = {57},
  issn = {0012-186X, 1432-0428},
  doi = {10.1007/s00125-014-3277-x},
  timestamp = {2016-02-18T09:36:00Z},
  number = {8},
  urldate = {2015-04-09},
  journal = {Diabetologia},
  author = {Vaxillaire, Martine and Yengo, Lo{\"\i}c and Lobbens, St{\'e}phane and Rocheleau, Ghislain and Eury, Elodie and Lantieri, Olivier and Marre, Michel and Balkau, Beverley and Bonnefond, Am{\'e}lie and Froguel, Philippe},
  month = aug,
  year = {2014},
  keywords = {DESIR,Genotype risk score,Human Physiology,Hyperglycaemia,Impaired fasting glucose,Incidence analysis,Internal Medicine,Metabochip,Metabolic Diseases,Quantitative metabolic trait,Type 2 diabetes},
  pages = {1601--1610}
}

@article{voight_metabochip_2012,
  title = {The {{Metabochip}}, a {{Custom Genotyping Array}} for {{Genetic Studies}} of {{Metabolic}}, {{Cardiovascular}}, and {{Anthropometric Traits}}},
  volume = {8},
  issn = {1553-7404},
  doi = {10.1371/journal.pgen.1002793},
  timestamp = {2016-02-18T09:35:58Z},
  number = {8},
  urldate = {2015-04-09},
  journal = {PLoS Genetics},
  author = {Voight, Benjamin F. and Kang, Hyun Min and Ding, Jun and Palmer, Cameron D. and Sidore, Carlo and Chines, Peter S. and Burtt, No{\"e}l P. and Fuchsberger, Christian and Li, Yanming and Erdmann, Jeanette and Frayling, Timothy M. and Heid, Iris M. and Jackson, Anne U. and Johnson, Toby and Kilpel{\"a}inen, Tuomas O. and Lindgren, Cecilia M. and Morris, Andrew P. and Prokopenko, Inga and Randall, Joshua C. and Saxena, Richa and Soranzo, Nicole and Speliotes, Elizabeth K. and Teslovich, Tanya M. and Wheeler, Eleanor and Maguire, Jared and Parkin, Melissa and Potter, Simon and Rayner, N. William and Robertson, Neil and Stirrups, Kathleen and Winckler, Wendy and Sanna, Serena and Mulas, Antonella and Nagaraja, Ramaiah and Cucca, Francesco and Barroso, In{\^e}s and Deloukas, Panos and Loos, Ruth J. F. and Kathiresan, Sekar and Munroe, Patricia B. and Newton-Cheh, Christopher and Pfeufer, Arne and Samani, Nilesh J. and Schunkert, Heribert and Hirschhorn, Joel N. and Altshuler, David and McCarthy, Mark I. and Abecasis, Gon{\c c}alo R. and Boehnke, Michael},
  editor = {Gibson, Greg},
  month = aug,
  year = {2012},
  pages = {e1002793}
}

@article{welter_nhgri_2014,
  title = {The {{NHGRI GWAS Catalog}}, a Curated Resource of {{SNP}}-Trait Associations},
  volume = {42},
  issn = {0305-1048, 1362-4962},
  doi = {10.1093/nar/gkt1229},
  timestamp = {2016-08-10T12:48:30Z},
  number = {D1},
  urldate = {2016-08-10},
  journal = {Nucleic Acids Research},
  author = {Welter, Danielle and MacArthur, Jacqueline and Morales, Joannella and Burdett, Tony and Hall, Peggy and Junkins, Heather and Klemm, Alan and Flicek, Paul and Manolio, Teri and Hindorff, Lucia and Parkinson, Helen},
  month = jan,
  year = {2014},
  pages = {D1001--D1006},
  pmid = {24316577}
}

@article{wulfsohn_joint_1997,
  title = {A {{Joint Model}} for {{Survival}} and {{Longitudinal Data Measured}} with {{Error}}},
  volume = {53},
  issn = {0006341X},
  doi = {10.2307/2533118},
  timestamp = {2015-06-10T12:41:57Z},
  number = {1},
  urldate = {2015-01-27},
  journal = {Biometrics},
  author = {Wulfsohn, Michael S. and Tsiatis, Anastasios A.},
  month = mar,
  year = {1997},
  pages = {330}
}

@article{scott_large-scale_2012,
  title = {Large-Scale Association Analyses Identify New Loci Influencing Glycemic Traits and Provide Insight into the Underlying Biological Pathways},
  volume = {44},
  issn = {1061-4036, 1546-1718},
  doi = {10.1038/ng.2385},
  timestamp = {2017-06-06T12:00:23Z},
  number = {9},
  urldate = {2015-04-09},
  journal = {Nature Genetics},
  author = {Scott, Robert A and Lagou, Vasiliki and Welch, Ryan P and Wheeler, Eleanor and Montasser, May E and Luan, Jian'an and M{\"a}gi, Reedik and Strawbridge, Rona J and Rehnberg, Emil and Gustafsson, Stefan and Kanoni, Stavroula and Rasmussen-Torvik, Laura J and Yengo, Lo{\"\i}c and Lecoeur, Cecile and Shungin, Dmitry and Sanna, Serena and Sidore, Carlo and Johnson, Paul C D and Jukema, J Wouter and Johnson, Toby and Mahajan, Anubha and Verweij, Niek and Thorleifsson, Gudmar and Hottenga, Jouke-Jan and Shah, Sonia and Smith, Albert V and Sennblad, Bengt and Gieger, Christian and Salo, Perttu and Perola, Markus and Timpson, Nicholas J and Evans, David M and Pourcain, Beate St and Wu, Ying and Andrews, Jeanette S and Hui, Jennie and Bielak, Lawrence F and Zhao, Wei and Horikoshi, Momoko and Navarro, Pau and Isaacs, Aaron and O'Connell, Jeffrey R and Stirrups, Kathleen and Vitart, Veronique and Hayward, Caroline and Esko, T{\~o}nu and Mihailov, Evelin and Fraser, Ross M and Fall, Tove and Voight, Benjamin F and Raychaudhuri, Soumya and Chen, Han and Lindgren, Cecilia M and Morris, Andrew P and Rayner, Nigel W and Robertson, Neil and Rybin, Denis and Liu, Ching-Ti and Beckmann, Jacques S and Willems, Sara M and Chines, Peter S and Jackson, Anne U and Kang, Hyun Min and Stringham, Heather M and Song, Kijoung and Tanaka, Toshiko and Peden, John F and Goel, Anuj and Hicks, Andrew A and An, Ping and M{\"u}ller-Nurasyid, Martina and Franco-Cereceda, Anders and Folkersen, Lasse and Marullo, Letizia and Jansen, Hanneke and Oldehinkel, Albertine J and Bruinenberg, Marcel and Pankow, James S and North, Kari E and Forouhi, Nita G and Loos, Ruth J F and Edkins, Sarah and Varga, Tibor V and Hallmans, G{\"o}ran and Oksa, Heikki and Antonella, Mulas and Nagaraja, Ramaiah and Trompet, Stella and Ford, Ian and Bakker, Stephan J L and Kong, Augustine and Kumari, Meena and Gigante, Bruna and Herder, Christian and Munroe, Patricia B and Caulfield, Mark and Antti, Jula and Mangino, Massimo and Small, Kerrin and Miljkovic, Iva and Liu, Yongmei and Atalay, Mustafa and Kiess, Wieland and James, Alan L and Rivadeneira, Fernando and Uitterlinden, Andre G and Palmer, Colin N A and Doney, Alex S F and Willemsen, Gonneke and Smit, Johannes H and Campbell, Susan and Polasek, Ozren and Bonnycastle, Lori L and Hercberg, Serge and Dimitriou, Maria and Bolton, Jennifer L and Fowkes, Gerard R and Kovacs, Peter and Lindstr{\"o}m, Jaana and Zemunik, Tatijana and Bandinelli, Stefania and Wild, Sarah H and Basart, Hanneke V and Rathmann, Wolfgang and Grallert, Harald and Maerz, Winfried and Kleber, Marcus E and Boehm, Bernhard O and Peters, Annette and Pramstaller, Peter P and Province, Michael A and Borecki, Ingrid B and Hastie, Nicholas D and Rudan, Igor and Campbell, Harry and Watkins, Hugh and Farrall, Martin and Stumvoll, Michael and Ferrucci, Luigi and Waterworth, Dawn M and Bergman, Richard N and Collins, Francis S and Tuomilehto, Jaakko and Watanabe, Richard M and {de Geus}, Eco J C and Penninx, Brenda W and Hofman, Albert and Oostra, Ben A and Psaty, Bruce M and Vollenweider, Peter and Wilson, James F and Wright, Alan F and Hovingh, G Kees and Metspalu, Andres and Uusitupa, Matti and Magnusson, Patrik K E and Kyvik, Kirsten O and Kaprio, Jaakko and Price, Jackie F and Dedoussis, George V and Deloukas, Panos and Meneton, Pierre and Lind, Lars and Boehnke, Michael and Shuldiner, Alan R and {van Duijn}, Cornelia M and Morris, Andrew D and Toenjes, Anke and Peyser, Patricia A and Beilby, John P and K{\"o}rner, Antje and Kuusisto, Johanna and Laakso, Markku and Bornstein, Stefan R and Schwarz, Peter E H and Lakka, Timo A and Rauramaa, Rainer and Adair, Linda S and Smith, George Davey and Spector, Tim D and Illig, Thomas and {de Faire}, Ulf and Hamsten, Anders and Gudnason, Vilmundur and Kivimaki, Mika and Hingorani, Aroon and Keinanen-Kiukaanniemi, Sirkka M and Saaristo, Timo E and Boomsma, Dorret I and Stefansson, Kari and {van der Harst}, Pim and Dupuis, Jos{\'e}e and Pedersen, Nancy L and Sattar, Naveed and Harris, Tamara B and Cucca, Francesco and Ripatti, Samuli and Salomaa, Veikko and Mohlke, Karen L and Balkau, Beverley and Froguel, Philippe and Pouta, Anneli and Jarvelin, Marjo-Riitta and Wareham, Nicholas J and Bouatia-Naji, Nabila and McCarthy, Mark I and Franks, Paul W and Meigs, James B and Teslovich, Tanya M and Florez, Jose C and Langenberg, Claudia and Ingelsson, Erik and Prokopenko, Inga and Barroso, In{\^e}s},
  month = aug,
  year = {2012},
  keywords = {Disease genetics,Genome-wide association studies,Metabolic disorders,Quantitative trait loci},
  pages = {991--1005}
}

@article{flannick_type_2016,
  title = {Type 2 Diabetes: Genetic Data Sharing to Advance Complex Disease Research},
  volume = {advance online publication},
  issn = {1471-0056},
  shorttitle = {Type 2 Diabetes},
  doi = {10.1038/nrg.2016.56},
  language = {en},
  timestamp = {2016-08-19T14:04:32Z},
  urldate = {2016-07-12},
  journal = {Nature Reviews Genetics},
  author = {Flannick, Jason and Florez, Jose C.},
  month = jul,
  year = {2016},
  keywords = {Diabetes,Disease genetics,Genetic databases,Genetic variation,Genome-wide association studies,quantitative trait,Research data}
}

@article{marullo_insights_2014,
  title = {Insights into the {{Genetic Susceptibility}} to {{Type}} 2 {{Diabetes}} from {{Genome}}-{{Wide Association Studies}} of {{Glycaemic Traits}}},
  volume = {14},
  issn = {1534-4827, 1539-0829},
  doi = {10.1007/s11892-014-0551-8},
  language = {en},
  timestamp = {2016-02-18T09:35:44Z},
  number = {11},
  urldate = {2015-04-09},
  journal = {Current Diabetes Reports},
  author = {Marullo, Letizia and El-Sayed Moustafa, Julia S. and Prokopenko, Inga},
  month = nov,
  year = {2014},
  keywords = {Association,Diabetes,2-h post-prandial glucose,Œ≤-cell function,Birth weight,Body mass index,Candidate gene study,Cardiometabolic traits,Effect size,Fasting glucose,Fasting insulin,Genome-wide association study,Glycated haemoglobin (HbA1c),Homeostasis model assessment of Œ≤-cell function (HOMA-B),Homeostasis model assessment of insulin resistance (HOMA-IR),Insulin resistance,Insulin secretion,Maturity-onset diabetes of the young (MODY),Meta-analysis,Oral glucose tolerance test (OGTT),Proinsulin,Risk prediction,Single nucleotide polymorphism (SNP),Thrifty gene hypothesis,Type 2 diabetes}
}

@article{yaghootkar_recent_2013,
  title = {Recent Progress in the Use of Genetics to Understand Links between Type 2 Diabetes and Related Metabolic Traits},
  volume = {14},
  timestamp = {2017-06-06T12:00:33Z},
  number = {3},
  urldate = {2015-04-09},
  journal = {Genome biology},
  author = {Yaghootkar, Hanieh and Frayling, Timothy M.},
  year = {2013},
  pages = {203}
}
