@Manual{package_rmarkdown,
    title = {rmarkdown: Dynamic Documents for R},
    author = {JJ Allaire and Jonathan McPherson and Yihui Xie and Hadley Wickham and Joe Cheng and Jeff Allen},
    year = {2014},
    note = {R package version 0.4.2},
    url = {http://CRAN.R-project.org/package=rmarkdown},
}
@Manual{package_xlsx,
    title = {xlsx: Read, write, format Excel 2007 and Excel 97/2000/XP/2003 files},
    author = {Adrian A. Dragulescu},
    year = {2014},
    note = {R package version 0.5.7},
    url = {http://CRAN.R-project.org/package=xlsx},
}
